<record><leader>00000cas a2200000 a 4500</leader><controlfield tag="001">11319156</controlfield><controlfield tag="008">841027d19uu1979fludr ne      0    0eng c</controlfield><datafield ind1=" " ind2=" " tag="010"><subfield code="a">sn 84027623 </subfield></datafield><datafield ind1=" " ind2=" " tag="040"><subfield code="a">NPU</subfield><subfield code="b">eng</subfield><subfield code="c">NPU</subfield><subfield code="d">NPH</subfield><subfield code="d">MGN</subfield><subfield code="d">FUG</subfield><subfield code="d">OCLCQ</subfield><subfield code="d">OCLCF</subfield><subfield code="d">OCLCO</subfield></datafield><datafield ind1=" " ind2=" " tag="012"><subfield code="i">9603</subfield></datafield><datafield ind1="1" ind2=" " tag="029"><subfield code="a">AU@</subfield><subfield code="b">000020444831</subfield></datafield><datafield ind1=" " ind2=" " tag="042"><subfield code="a">pcc</subfield></datafield><datafield ind1=" " ind2=" " tag="043"><subfield code="a">n-us-fl</subfield></datafield><datafield ind1="0" ind2=" " tag="130"><subfield code="a">Palm Beach post (West Palm Beach, Fla. : 1916)</subfield></datafield><datafield ind1="1" ind2="0" tag="245"><subfield code="a">Palm Beach post.</subfield></datafield><datafield ind1="1" ind2="3" tag="246"><subfield code="a">Morning post</subfield></datafield><datafield ind1="1" ind2=" " tag="246"><subfield code="i">Issued on Sunday from &lt;1934&gt;-1979 as:</subfield><subfield code="a">Palm Beach post-times</subfield></datafield><datafield ind1=" " ind2=" " tag="260"><subfield code="a">West Palm Beach, Fla. :</subfield><subfield code="b">Palms Pub. Co.,</subfield><subfield code="c">-1979.</subfield></datafield><datafield ind1=" " ind2=" " tag="300"><subfield code="a">v. ;</subfield><subfield code="c">57-61 cm.</subfield></datafield><datafield ind1=" " ind2=" " tag="310"><subfield code="a">Daily</subfield></datafield><datafield ind1="1" ind2=" " tag="362"><subfield code="a">Began in 1908.</subfield></datafield><datafield ind1="0" ind2=" " tag="362"><subfield code="a">-v. 46, no. 52 (Dec. 16, 1979).</subfield></datafield><datafield ind1=" " ind2=" " tag="500"><subfield code="a">W.L. Thorndyke, editor.</subfield></datafield><datafield ind1=" " ind2=" " tag="500"><subfield code="a">Publisher: Palm Beach Publications, &lt;1945&gt;.</subfield></datafield><datafield ind1=" " ind2=" " tag="515"><subfield code="a">Saturday and Sunday issues have different numbering systems.</subfield></datafield><datafield ind1=" " ind2=" " tag="525"><subfield code="a">Has supplement: Post-times shopping bee, -1979.</subfield></datafield><datafield ind1=" " ind2=" " tag="588"><subfield code="a">Description based on: Vol. 9, no. 1 (Jan. 5, 1916) = consecutive no. 413.</subfield></datafield><datafield ind1=" " ind2="0" tag="651"><subfield code="a">West Palm Beach (Fla.)</subfield><subfield code="v">Newspapers.</subfield></datafield><datafield ind1=" " ind2="0" tag="651"><subfield code="a">Palm Beach County (Fla.)</subfield><subfield code="v">Newspapers.</subfield></datafield><datafield ind1=" " ind2="7" tag="655"><subfield code="a">Newspapers.</subfield><subfield code="2">fast</subfield><subfield code="0">(OCoLC)fst01423814</subfield></datafield><datafield ind1=" " ind2="7" tag="651"><subfield code="a">Florida</subfield><subfield code="z">Palm Beach County.</subfield><subfield code="2">fast</subfield><subfield code="0">(OCoLC)fst01205639</subfield></datafield><datafield ind1=" " ind2="7" tag="651"><subfield code="a">Florida</subfield><subfield code="z">West Palm Beach.</subfield><subfield code="2">fast</subfield><subfield code="0">(OCoLC)fst01202776</subfield></datafield><datafield ind1="0" ind2="2" tag="740"><subfield code="a">Post-times shopping bee.</subfield></datafield><datafield ind1=" " ind2=" " tag="752"><subfield code="a">United States</subfield><subfield code="b">Florida</subfield><subfield code="c">Palm Beach</subfield><subfield code="d">West Palm Beach.</subfield></datafield><datafield ind1="0" ind2="0" tag="785"><subfield code="t">Post (West Palm Beach, Fla.)</subfield><subfield code="w">(DLC)sn 96027196</subfield><subfield code="w">(OCoLC)34298478</subfield></datafield><datafield ind1=" " ind2=" " tag="850"><subfield code="a">FU</subfield></datafield></record>